<?xml version="1.0" encoding="UTF-8"?><collection xmlns="http://www.loc.gov/MARC21/slim"><record><leader>00367nam--2200121-i-4500</leader><controlfield tag="001">000029497</controlfield><controlfield tag="002">20161230</controlfield><controlfield tag="005">20161230201037</controlfield><controlfield tag="008">060222s1000------------r-----000-0-eng-d</controlfield><datafield ind1=" " ind2=" " tag="080"><subfield code="a">061.6:001.818</subfield></datafield><datafield ind1=" " ind2=" " tag="245"><subfield code="a">Los alamos. the first 20 years at los alamos. jan.1943 - jan.1963</subfield></datafield><datafield ind1=" " ind2=" " tag="260"><subfield code="a">Los Alamos, New Mexico, Los Alamos Scientific Laboratory, 1963, 79p</subfield></datafield><datafield ind1=" " ind2=" " tag="852"><subfield code="a">31567</subfield></datafield></record></collection>